<?xml version='1.0' encoding='UTF-8'?>
<record xmlns="http://www.loc.gov/MARC21/slim">
  <leader>01948cam a2200361 a 4500</leader>
  <controlfield tag="001">198963</controlfield>
  <controlfield tag="003">NjP</controlfield>
  <controlfield tag="005">20171009075445.0</controlfield>
  <controlfield tag="008">831227m19759999ir       b    000 0 ara d</controlfield>
  <datafield tag="024" ind1="7" ind2=" ">
    <subfield code="a">princeton_aco002965</subfield>
    <subfield code="2">local</subfield>
  </datafield>
  <datafield ind1=" " ind2=" " tag="035">
    <subfield code="a">(OCoLC)ocn175456201</subfield>
  </datafield>
  <datafield ind1=" " ind2=" " tag="035">
    <subfield code="a">(OCoLC)23932229</subfield>
  </datafield>
  <datafield ind1=" " ind2=" " tag="040">
    <subfield code="a">NjP</subfield>
    <subfield code="c">PUL</subfield>
    <subfield code="d">PUL</subfield>
  </datafield>
  <datafield ind1=" " ind2=" " tag="035">
    <subfield code="a">(OCoLC)175456201</subfield>
  </datafield>
  <datafield ind1=" " ind2=" " tag="035">
    <subfield code="a">(CStRLIN)NJPG83-B85591</subfield>
  </datafield>
  <datafield ind1=" " ind2=" " tag="035">
    <subfield code="9">ABB3901TS</subfield>
  </datafield>
  <datafield ind1=" " ind2=" " tag="035">
    <subfield code="a">(NjP)198963</subfield>
  </datafield>
  <datafield ind1=" " ind2=" " tag="079">
    <subfield code="a">ocm23932229</subfield>
  </datafield>
  <datafield ind1=" " ind2=" " tag="049">
    <subfield code="a">PULL</subfield>
  </datafield>
  <datafield ind1="1" ind2=" " tag="100">
    <subfield code="6">880-01</subfield>
    <subfield code="a">Pūr al-Shahriḍāʼī, Muḥammad ʻAlī al-Ismāʻīl.</subfield>
  </datafield>
  <datafield ind1="1" ind2="0" tag="245">
    <subfield code="6">880-02</subfield>
    <subfield code="a">Majmaʻ al-afkār wa-maṭraḥ al-anẓār :</subfield>
    <subfield code="b">taqrīrāt baḥth al-uṣūl li-shaykh al-fuqahāʼ wa-al-mujtahidīn Āyat Allāh al-ʻUẓmá al-Ḥājj Mīrzā Hāshim al-Āmilī al-Najafī, madda ẓillahu al-ʻālī /</subfield>
    <subfield code="c">taʼlīf Muḥammad ʻAlī al-Ismāʻīl Pūr al-Shahriḍāʼī.</subfield>
  </datafield>
  <datafield ind1=" " ind2=" " tag="260">
    <subfield code="6">880-03</subfield>
    <subfield code="a">[Iran] :</subfield>
    <subfield code="b">M.ʻA. al-I. Pūr al-Shahriḍāʼī,</subfield>
    <subfield code="c">1395- [1975- ]</subfield>
  </datafield>
  <datafield ind1=" " ind2=" " tag="300">
    <subfield code="a">v. ;</subfield>
    <subfield code="c">25 cm.</subfield>
  </datafield>
  <datafield ind1=" " ind2=" " tag="504">
    <subfield code="a">Includes bibliographical references.</subfield>
  </datafield>
  <datafield ind1=" " ind2="0" tag="650">
    <subfield code="a">Islam</subfield>
    <subfield code="x">Customs and practices.</subfield>
    <subfield code="0">http://id.loc.gov/authorities/subjects/sh87005732</subfield>
  </datafield>
  <datafield ind1=" " ind2="0" tag="650">
    <subfield code="6">880-04</subfield>
    <subfield code="a">Shīʻah.</subfield>
    <subfield code="0">http://id.loc.gov/authorities/subjects/sh85121390</subfield>
  </datafield>
  <datafield ind1="1" ind2=" " tag="880">
    <subfield code="6">100-01/r</subfield>
    <subfield code="a">پور الشهرضائي، محمد علي الاسماعيل.</subfield>
  </datafield>
  <datafield ind1="1" ind2="0" tag="880">
    <subfield code="6">245-02/r</subfield>
    <subfield code="a">مجمع الافكار ومطرح الانظار :</subfield>
    <subfield code="b">تقريرات بحث الاصول لشيخ الفقهاء والمجتهدين آية الله العظمى الحاج ميرزا هاشم الاملي النجفي، مد ظله العالي /</subfield>
    <subfield code="c">تأليف محمد علي الاسماعيل پور الشهرضائي.</subfield>
  </datafield>
  <datafield ind1=" " ind2=" " tag="880">
    <subfield code="6">260-03/r</subfield>
    <subfield code="a">[ايران] :</subfield>
    <subfield code="b">م.ع. الا. پور الشهرضائي،</subfield>
    <subfield code="c">1395- [1975- ]</subfield>
  </datafield>
  <datafield ind1=" " ind2="0" tag="880">
    <subfield code="6">650-04/r</subfield>
    <subfield code="a">شيعة.</subfield>
  </datafield>
  <datafield ind1=" " ind2=" " tag="998">
    <subfield code="a">06/11/93</subfield>
    <subfield code="s">9118</subfield>
    <subfield code="n">NjP</subfield>
    <subfield code="w">NJPG83B85591</subfield>
    <subfield code="d">12/27/83</subfield>
    <subfield code="c">JEB</subfield>
    <subfield code="b">JEB</subfield>
    <subfield code="i">930611</subfield>
    <subfield code="l">NJPG</subfield>
  </datafield>
  <datafield ind1=" " ind2=" " tag="911">
    <subfield code="a">19930617</subfield>
  </datafield>
  <datafield ind1=" " ind2=" " tag="912">
    <subfield code="a">19930611000000.0</subfield>
  </datafield>
  <datafield ind1=" " ind2=" " tag="994">
    <subfield code="a">C0</subfield>
    <subfield code="b">PUL</subfield>
  </datafield>
  <datafield ind1=" " ind2=" " tag="999">
    <subfield code="a">198963</subfield>
  </datafield>
  <datafield ind1="0" ind2="1" tag="852">
    <subfield code="0">218769</subfield>
    <subfield code="b">rcppa</subfield>
    <subfield code="t">1</subfield>
    <subfield code="h">BP174</subfield>
    <subfield code="i">.P872</subfield>
    <subfield code="x">tr fr arab</subfield>
  </datafield>
  <datafield ind1=" " ind2="0" tag="866">
    <subfield code="0">218769</subfield>
    <subfield code="8">0</subfield>
    <subfield code="a">juzʾ 1-5</subfield>
  </datafield>
  <datafield ind1=" " ind2=" " tag="959">
    <subfield code="a">2000-06-13 00:00:00 -0500</subfield>
  </datafield>
</record>
